@article{fong09a,
author = {Fong, W and Darve, E},
doi = {DOI: 10.1016/j.jcp.2009.08.031},
file = {:Users/coulaud/Recherche/Bibliographie/Mendeley/Fong, Darve - 2009 - The black-box fast multipole method.pdf:pdf},
issn = {0021-9991},
journal = {Journal of Computational Physics},
keywords = {Chebyshev polynomials,Fast multipole method,Interpolation,Singular value decomposition},
mendeley-groups = {FMM},
number = {23},
pages = {8712--8725},
title = {{The black-box fast multipole method}},
url = {http://www.sciencedirect.com/science/article/pii/S0021999109004665},
volume = {228},
year = {2009}
}
@inproceedings{Warren1993,
address = {New York, NY, USA},
author = {Warren, M S and Salmon, J K},
booktitle = {Proceedings of the 1993 ACM/IEEE conference on Supercomputing},
doi = {http://doi.acm.org/10.1145/169627.169640},
file = {:Users/coulaud/Recherche/Bibliographie/Mendeley/Warren, Salmon - 1993 - A hashed Oct-Tree N-body algorithm.pdf:pdf},
isbn = {0-8186-4340-4},
mendeley-groups = {FMM},
pages = {12--21},
publisher = {ACM},
series = {Supercomputing '93},
title = {{A hashed Oct-Tree N-body algorithm}},
url = {http://doi.acm.org/10.1145/169627.169640},
year = {1993}
}
@Book{mason2003chebyshev,
author = {J C Mason and D C Handscomb},
title = {Chebyshev polynomials},
publisher = {Chapman \& Hall/CRC},
year = {2003}
}
